@article{togneri2011overview,
  title={An overview of speaker identification: Accuracy and robustness issues},
  author={Togneri, Roberto and Pullella, Daniel},
  journal={IEEE circuits and systems magazine},
  volume={11},
  number={2},
  pages={23--61},
  year={2011},
  publisher={IEEE}
}

@article{tu2022survey,
  title={A survey on text-dependent and text-independent speaker verification},
  author={Tu, Youzhi and Lin, Weiwei and Mak, Man-Wai},
  journal={IEEE Access},
  volume={10},
  pages={99038--99049},
  year={2022},
  publisher={IEEE}
}

@inproceedings{tirumala2016review,
  title={A review on deep learning approaches in speaker identification},
  author={Tirumala, Sreenivas Sremath and Shahamiri, Seyed Reza},
  booktitle={Proceedings of the 8th international conference on signal processing systems},
  pages={142--147},
  year={2016}
}

@article{irum2019speaker,
  title={Speaker verification using deep neural networks: A},
  author={Irum, Amna and Salman, Ahmad},
  journal={International Journal of Machine Learning and Computing},
  volume={9},
  number={1},
  year={2019}
}

@inproceedings{snyder2017deep,
  title={Deep neural network embeddings for text-independent speaker verification.},
  author={Snyder, David and Garcia-Romero, Daniel and Povey, Daniel and Khudanpur, Sanjeev},
  booktitle={Interspeech},
  volume={2017},
  pages={999--1003},
  year={2017}
}

@inproceedings{snyder2018x,
  title={X-vectors: Robust dnn embeddings for speaker recognition},
  author={Snyder, David and Garcia-Romero, Daniel and Sell, Gregory and Povey, Daniel and Khudanpur, Sanjeev},
  booktitle={2018 IEEE international conference on acoustics, speech and signal processing (ICASSP)},
  pages={5329--5333},
  year={2018},
  organization={IEEE}
}